@incollection{ricci2011introduction,
  title={Introduction to recommender systems handbook},
  author={Ricci, Francesco and Rokach, Lior and Shapira, Bracha},
  booktitle={Recommender systems handbook},
  pages={1--35},
  year={2011},
  publisher={Springer}
}

@inproceedings{mcauley2015image,
  title={Image-based recommendations on styles and substitutes},
  author={McAuley, Julian and Targett, Christopher and Shi, Qinfeng and Van Den Hengel, Anton},
  booktitle={Proceedings of the 38th International ACM SIGIR Conference on Research and Development in Information Retrieval},
  pages={43--52},
  year={2015}
}

@inproceedings{hamilton2017inductive,
  title={Inductive representation learning on large graphs},
  author={Hamilton, Will and Ying, Zhitao and Leskovec, Jure},
  booktitle={Advances in neural information processing systems},
  pages={1024--1034},
  year={2017}
}

@inproceedings{sarwar2001item,
  title={Item-based collaborative filtering recommendation algorithms},
  author={Sarwar, Badrul and Karypis, George and Konstan, Joseph and Riedl, John},
  booktitle={Proceedings of the 10th international conference on World Wide Web},
  pages={285--295},
  year={2001}
}

@article{cleger2012top,
  title={Top-N news recommendations in digital newspapers},
  author={Cleger-Tamayo, Sergio and Fern{\'a}ndez-Luna, Juan M and Huete, Juan F},
  journal={Knowledge-Based Systems},
  volume={27},
  pages={180--189},
  year={2012},
  publisher={Elsevier}
}

@inproceedings{duvenaud2015convolutional,
  title={Convolutional networks on graphs for learning molecular fingerprints},
  author={Duvenaud, David K and Maclaurin, Dougal and Iparraguirre, Jorge and Bombarell, Rafael and Hirzel, Timothy and Aspuru-Guzik, Al{\'a}n and Adams, Ryan P},
  booktitle={Advances in neural information processing systems},
  pages={2224--2232},
  year={2015}
}

@article{kipf2016semi,
  title={Semi-supervised classification with graph convolutional networks},
  author={Kipf, Thomas N and Welling, Max},
  journal={arXiv preprint arXiv:1609.02907},
  year={2016}
}

@techreport{balabanovic1996adaptive,
  title={An adaptive agent for automated web browsing},
  author={Balabanovic, Marko and Shoham, Yoav and Yun, Yeogirl},
  year={1996},
  institution={Stanford InfoLab}
}

@article{zhang2018explainable,
  title={Explainable recommendation: A survey and new perspectives},
  author={Zhang, Yongfeng and Chen, Xu},
  journal={arXiv preprint arXiv:1804.11192},
  year={2018}
}

@article{merton1968matthew,
  title={The Matthew effect in science: The reward and communication systems of science are considered},
  author={Merton, Robert K},
  journal={Science},
  volume={159},
  number={3810},
  pages={56--63},
  year={1968},
  publisher={American Association for the Advancement of Science}
}

@article{anderson2004long,
  title={Long tail},
  author={Anderson, Chris and Andersson, Mia Poletto},
  year={2004},
  publisher={Bonnier fakta}
}

@incollection{ketkar2017introduction,
  title={Introduction to pytorch},
  author={Ketkar, Nikhil},
  booktitle={Deep learning with python},
  pages={195--208},
  year={2017},
  publisher={Springer}
}

@inproceedings{abadi2016tensorflow,
  title={Tensorflow: A system for large-scale machine learning},
  author={Abadi, Mart{\'\i}n and Barham, Paul and Chen, Jianmin and Chen, Zhifeng and Davis, Andy and Dean, Jeffrey and Devin, Matthieu and Ghemawat, Sanjay and Irving, Geoffrey and Isard, Michael and others},
  booktitle={12th $\{$USENIX$\}$ Symposium on Operating Systems Design and Implementation ($\{$OSDI$\}$ 16)},
  pages={265--283},
  year={2016}
}

@inproceedings{paszke2019pytorch,
  title={PyTorch: An imperative style, high-performance deep learning library},
  author={Paszke, Adam and Gross, Sam and Massa, Francisco and Lerer, Adam and Bradbury, James and Chanan, Gregory and Killeen, Trevor and Lin, Zeming and Gimelshein, Natalia and Antiga, Luca and others},
  booktitle={Advances in Neural Information Processing Systems},
  pages={8024--8035},
  year={2019}
}

@inproceedings{he2015trirank,
  title={Trirank: Review-aware explainable recommendation by modeling aspects},
  author={He, Xiangnan and Chen, Tao and Kan, Min-Yen and Chen, Xiao},
  booktitle={Proceedings of the 24th ACM International on Conference on Information and Knowledge Management},
  pages={1661--1670},
  year={2015}
}

@inproceedings{heckel2017scalable,
  title={Scalable and interpretable product recommendations via overlapping co-clustering},
  author={Heckel, Reinhard and Vlachos, Michail and Parnell, Thomas and D{\"u}nner, Celestine},
  booktitle={2017 IEEE 33rd International Conference on Data Engineering (ICDE)},
  pages={1033--1044},
  year={2017},
  organization={IEEE}
}


@article{ahn2006utilizing,
  title={Utilizing popularity characteristics for product recommendation},
  author={Ahn, Hyung Jun},
  journal={International Journal of Electronic Commerce},
  volume={11},
  number={2},
  pages={59--80},
  year={2006},
  publisher={Taylor \& Francis}
}

@article{safoury2013exploiting,
  title={Exploiting user demographic attributes for solving cold-start problem in recommender system},
  author={Safoury, Laila and Salah, Akram},
  journal={Lecture Notes on Software Engineering},
  volume={1},
  number={3},
  pages={303--307},
  year={2013},
  publisher={IACSIT Press}
}

@article{maslow1943theory,
  title={A theory of human motivation.},
  author={Maslow, Abraham Harold},
  journal={Psychological review},
  volume={50},
  number={4},
  pages={370},
  year={1943},
  publisher={American Psychological Association}
}

@inproceedings{wu2016deep,
  title={Deep convolutional neural network with independent softmax for large scale face recognition},
  author={Wu, Yue and Li, Jun and Kong, Yu and Fu, Yun},
  booktitle={Proceedings of the 24th ACM international conference on Multimedia},
  pages={1063--1067},
  year={2016}
}
